<?xml version = "1.0" encoding = "UTF-8"?><OAI-PMH xmlns="http://www.openarchives.org/OAI/2.0/" xmlns:xsi="http://www.w3.org/2001/XMLSchema-instance" xsi:schemaLocation="http://www.openarchives.org/OAI/2.0/ http://www.openarchives.org/OAI/2.0/OAI-PMH.xsd"><ListRecords><record><header><identifier>aleph-publish:011243373</identifier></header><metadata><record xmlns="http://www.ddb.de/professionell/mabxml/mabxml-1.xsd"><leader>------M2.01200024------h</leader><controlfield tag="LDR">------M2.01200024------h</controlfield><controlfield tag="FMT">MH</controlfield><datafield tag="001" ind1="-" ind2="1"><subfield code="a">HT012915691</subfield></datafield><datafield tag="002" ind1="a" ind2="1"><subfield code="a">20010206</subfield></datafield><datafield tag="003" ind1="-" ind2="1"><subfield code="a">20041203</subfield></datafield><controlfield tag="030">a|1uc||||||37</controlfield><datafield tag="036" ind1="a" ind2="1"><subfield code="a">DE</subfield></datafield><datafield tag="037" ind1="b" ind2="1"><subfield code="a">ger</subfield><subfield code="a">eng</subfield></datafield><controlfield tag="050">a|||||||||||||</controlfield><controlfield tag="051">mf||||||</controlfield><datafield tag="070" ind1="-" ind2="1"><subfield code="a">61</subfield></datafield><datafield tag="070" ind1="b" ind2="1"><subfield code="a">HBZ/Red</subfield></datafield><datafield tag="080" ind1="-" ind2="1"><subfield code="a">60</subfield></datafield><datafield tag="100" ind1="b" ind2="1"><subfield code="p">Kirchhof, Paul</subfield><subfield code="d">1943-</subfield><subfield code="b">[Hrsg.]</subfield><subfield code="9">(DE-588)121398897</subfield></datafield><datafield tag="104" ind1="f" ind2="1"><subfield code="p">Vogel, Klaus</subfield><subfield code="d">1930-2007</subfield><subfield code="9">(DE-588)122676939</subfield></datafield><datafield tag="331" ind1="-" ind2="1"><subfield code="a">Staaten und Steuern</subfield></datafield><datafield tag="335" ind1="-" ind2="1"><subfield code="a">Festschrift f체r Klaus Vogel zum 70. Geburtstag</subfield></datafield><datafield tag="359" ind1="-" ind2="1"><subfield code="a">hrsg. von Paul Kirchhof ...</subfield></datafield><datafield tag="410" ind1="-" ind2="1"><subfield code="a">Heidelberg</subfield></datafield><datafield tag="412" ind1="-" ind2="1"><subfield code="a">M체ller</subfield></datafield><datafield tag="425" ind1="a" ind2="1"><subfield code="a">2000</subfield></datafield><datafield tag="433" ind1="-" ind2="1"><subfield code="a">XXIX, 1181 S. : Ill.</subfield></datafield><datafield tag="516" ind1="-" ind2="1"><subfield code="a">Beitr. teilw. dt., teilw. engl.</subfield></datafield><datafield tag="517" ind1="-" ind2="1"><subfield code="a">Bibliogr. K. Vogel S. [1163] - 1178</subfield></datafield><datafield tag="540" ind1="a" ind2="1"><subfield code="a">3-8114-2266-9</subfield></datafield><datafield tag="902" ind1="-" ind2="1"><subfield code="p">Vogel, Klaus</subfield><subfield code="d">1930-2007</subfield><subfield code="9">(DE-588)122676939</subfield></datafield><datafield tag="902" ind1="-" ind2="1"><subfield code="f">Bibliographie</subfield></datafield><datafield tag="907" ind1="-" ind2="1"><subfield code="s">Staatsrecht</subfield><subfield code="9">(DE-588)4056666-3</subfield></datafield><datafield tag="907" ind1="-" ind2="1"><subfield code="f">Aufsatzsammlung</subfield></datafield><datafield tag="912" ind1="-" ind2="1"><subfield code="s">Steuerrecht</subfield><subfield code="9">(DE-588)4116614-0</subfield></datafield><datafield tag="912" ind1="-" ind2="1"><subfield code="f">Aufsatzsammlung</subfield></datafield><controlfield tag="SYS">011243373</controlfield><datafield tag="LOW" ind1="-" ind2="1"><subfield code="a">K0001</subfield></datafield><datafield tag="LOW" ind1="-" ind2="1"><subfield code="a">C0001</subfield></datafield><datafield tag="LOW" ind1="-" ind2="1"><subfield code="a">B3001</subfield></datafield><datafield tag="LOW" ind1="-" ind2="1"><subfield code="a">Q1051</subfield></datafield><datafield tag="LOW" ind1="-" ind2="1"><subfield code="a">Q1105</subfield></datafield><datafield tag="LOW" ind1="-" ind2="1"><subfield code="a">M1012</subfield></datafield><datafield tag="LOW" ind1="-" ind2="1"><subfield code="a">M1020</subfield></datafield><datafield tag="HID" ind1="-" ind2="1"><subfield code="s">DTL2ALEPH</subfield><subfield code="c">20060805</subfield><subfield code="l">HBZ01</subfield><subfield code="h">0000</subfield></datafield><datafield tag="962" ind1="-" ind2="1"><subfield code="s">Steuer</subfield><subfield code="x">Recht</subfield></datafield><datafield tag="088" ind1=" " ind2=" "><subfield code="a">6/032</subfield><subfield code="b">00029007</subfield><subfield code="c">VwR IX NB 82</subfield><subfield code="e">keine ILL</subfield></datafield><datafield tag="088" ind1=" " ind2=" "><subfield code="a">38</subfield><subfield code="b">00000001</subfield><subfield code="c">11B1860</subfield><subfield code="e">ILL Ausleihe</subfield></datafield><datafield tag="088" ind1=" " ind2=" "><subfield code="a">294/39</subfield><subfield code="b">00039000</subfield><subfield code="c">73/Y-30/200</subfield><subfield code="e">keine ILL</subfield></datafield><datafield tag="088" ind1=" " ind2=" "><subfield code="a">361</subfield><subfield code="b">00000011</subfield><subfield code="c">KA058 V878</subfield><subfield code="e">Keine Angabe</subfield></datafield><datafield tag="088" ind1=" " ind2=" "><subfield code="a">6/017</subfield><subfield code="b">00070001</subfield><subfield code="c">D I c 133 [IUB]</subfield><subfield code="e">keine ILL</subfield></datafield><datafield tag="088" ind1=" " ind2=" "><subfield code="a">5/186</subfield><subfield code="b">00021001</subfield><subfield code="c">Ag 235/5</subfield><subfield code="e">keine ILL</subfield></datafield><datafield tag="088" ind1=" " ind2=" "><subfield code="a">5/34</subfield><subfield code="b">00013001</subfield><subfield code="c">Ae 404/35</subfield><subfield code="e">keine ILL</subfield></datafield><datafield tag="088" ind1=" " ind2=" "><subfield code="a">464</subfield><subfield code="b">D00</subfield><subfield code="c">QMIV1055_d</subfield><subfield code="e">Pr채senzbestand</subfield></datafield><datafield tag="088" ind1=" " ind2=" "><subfield code="a">467</subfield><subfield code="b">32</subfield><subfield code="c">32QMIV1013</subfield><subfield code="e">Nicht ausleihbar</subfield></datafield><datafield tag="088" ind1=" " ind2=" "><subfield code="a">61</subfield><subfield code="b">02</subfield><subfield code="c">wirj406.v878</subfield><subfield code="e">Handapparat</subfield></datafield><datafield tag="088" ind1=" " ind2=" "><subfield code="a">61/81</subfield><subfield code="b">81</subfield><subfield code="c">jura660.v878</subfield><subfield code="e">Nicht ausleihbar</subfield></datafield><datafield tag="088" ind1=" " ind2=" "><subfield code="a">385</subfield><subfield code="b">60</subfield><subfield code="c">AX/r8195</subfield><subfield code="e">Pr채senzbestand</subfield></datafield><datafield tag="655" ind1="e" ind2=" "><subfield code="u">http://digitool.hbz-nrw.de:1801/webclient/DeliveryManager?pid=1533988&amp;custom_att_2=simple_viewer</subfield><subfield code="y">Staaten und Steuern</subfield><subfield code="x">Inhaltsverzeichnis</subfield></datafield></record></metadata></record></ListRecords></OAI-PMH>